@ARTICLE{Patera2018,
AUTHOR={Laerte L Patera and Federico Bianchini and Cristina Africh and Carlo Dri and German Soldano and Marcelo M Mariscal and Maria Peressi and Giovanni Comelli},
TITLE={Real-time imaging of adatom promoted graphene growth on nickel},
JOURNAL={Science},
VOLUME= {\textbf{359}},
ISSUE = {6381},
PAGES= {1243--1246},
YEAR={2018}
}
@article{PhysRevMaterials.3.043605,
  title = {Enabling {QM}-accurate simulation of dislocation motion in \gamma-{N}i and \alpha-{F}e using a hybrid multiscale approach},
  author = {Bianchini, Federico and Glielmo, Aldo and Kermode, James R. and De Vita, Alessandro},
  journal = {Phys. Rev. Materials},
  volume = {\textbf{3}},
  issue = {4},
  pages = {043605},
  numpages = {15},
  year = {2019},
  month = {4},
  publisher = {American Physical Society},
}
@article{doi:10.1021/acsami.0c05863,
author = {Li, Xinyu and Bianchini, Federico and Wind, Julia and Pettersen, Christine and Wragg, David S. and Vajeeston, Ponniah and Fjellvåg, Helmer},
title = {Insights into Crystal Structure and Diffusion of Biphasic {Na2Zn2TeO6}},
journal = {ACS Applied Materials \& Interfaces},
volume = {\textbf{12}},
number = {25},
pages = {28188-28198},
year = {2020},
}
@misc{bianchini_federico_2021_4638752,
  author       = {Bianchini, Federico and
                  Birkeland, Even and
                  Bösl, Korbinian and
                  Gade, Alexandra and
                  Holmen, Oddgeir Lingaas and
                  Hu, Xian and
                  Johaadien, Rukaya and
                  Košút, Matúš and
                  Rothweiler, Ulli and
                  Skogholt, Anne Heidi and
                  Sjøbakk, Torill Eidhammer and
                  Valen, Ragnhild and
                  Åberg, Espen and
                  Åsberg, Signe},
  title        = {{BioMedData Deliverable D2.1 - Report on data 
                   management plan needs/gaps}},
  month        = mar,
  year         = 2021,
  publisher    = {Zenodo},
}
@misc{bianchini_federico_2022_6104400,
  author       = {Bianchini, Federico and
                  Bösl, Korbinian and
                  Fatima, Nazeefa},
  title        = {{End-User Course on FAIR Data Management for Life 
                   Sciences Research in Norway}},
  month        = feb,
  year         = 2022,
  publisher    = {Zenodo},
}